<record><leader>00000cas a22000007a 4500</leader><controlfield tag="001">20299008</controlfield><controlfield tag="008">890905d19461948nduwr ne      0    0eng d</controlfield><datafield ind1=" " ind2=" " tag="010"><subfield code="a">sn 89074249 </subfield></datafield><datafield ind1=" " ind2=" " tag="040"><subfield code="a">NOP</subfield><subfield code="b">eng</subfield><subfield code="c">NOP</subfield><subfield code="d">OCLCQ</subfield></datafield><datafield ind1=" " ind2=" " tag="042"><subfield code="a">msc</subfield></datafield><datafield ind1="0" ind2="0" tag="245"><subfield code="a">Dakota press.</subfield></datafield><datafield ind1="1" ind2="3" tag="246"><subfield code="a">Valley City trade news and Dakota press</subfield></datafield><datafield ind1=" " ind2=" " tag="260"><subfield code="a">Valley City, N.D. :</subfield><subfield code="b">C.C. Morgan[], W.L. Morgan[], F.R. Crowe</subfield></datafield><datafield ind1=" " ind2=" " tag="300"><subfield code="a">3 v. :</subfield><subfield code="b">ill. ;</subfield><subfield code="c">39-55 cm.</subfield></datafield><datafield ind1=" " ind2=" " tag="310"><subfield code="a">Weekly</subfield></datafield><datafield ind1="0" ind2=" " tag="362"><subfield code="a">Vol. 1, no. 1 (May 3, 1946)-v. 3, no. 10 (July 2, 1948).</subfield></datafield><datafield ind1=" " ind2=" " tag="500"><subfield code="a">Special edition, "Valley City Trade News of the Dakota Press", June 21, July 19, 1946.</subfield></datafield><datafield ind1=" " ind2=" " tag="500"><subfield code="a">Published as: Valley City trade news and Dakota press, Aug. 16-Dec. 6, 1946.</subfield></datafield><datafield ind1=" " ind2=" " tag="530"><subfield code="a">Available on microfilm from the State Historical Society of North Dakota.</subfield></datafield><datafield ind1=" " ind2=" " tag="752"><subfield code="a">United States</subfield><subfield code="b">North Dakota</subfield><subfield code="c">Barnes</subfield><subfield code="d">Valley City.</subfield></datafield><datafield ind1="0" ind2="4" tag="785"><subfield code="t">Valley City times-record and the Barnes County news</subfield><subfield code="w">(DLC)sn 89074279</subfield></datafield></record>